@article{motzkin49,
 author  = "Motzkin, T.",
 title   = "The Euclidean Algorithm",
 journal = "Bull. Amer. Math. Soc.",
 volume  = "55",
 year    = "1949",
 pages   = "1142--1146"
}

@article{samuel71,
 author  = "Samuel, P.",
 title   = "About Euclidean Rings",
 journal = "J. Algebra",
 volume  = "19",
 year    = "1971",
 pages   = "282--301"
}
