@article{stanley1969,
  title   = {Zero square rings},
  author  = {Richard P. Stanley},
  journal = {Pacific J. Math.},
  volume  = {30},
  number  = {3},
  year    = {1969},
  pages   = {811--824}
}


@article{mader1989,
  title   = {A Euclidean Model for Euclidean Geometry},
  author  = {Adolf Mader},
  journal = {American Math. Monthly},
  volume  = {96},
  number  = {1},
  year    = {1989},
  pages   = {43--49}
}
